{
  "leader": "01535cam a2200373Ia 4500",
  "fields": [
    {
      "001": "ocm09312035\\"
    },
    {
      "003": "OCoLC"
    },
    {
      "005": "20221212130436.0"
    },
    {
      "008": "830315s1961\\\\\\\\nyua\\\\\\\\\\b\\\\\\\\000\\0\\eng\\d"
    },
    {
      "010": {
        "ind1": "\\",
        "ind2": "\\",
        "subfields": [
          {
            "a": "   60015443 "
          }
        ]
      }
    },
    {
      "040": {
        "ind1": "\\",
        "ind2": "\\",
        "subfields": [
          {
            "a": "NGA"
          },
          {
            "b": "eng"
          },
          {
            "c": "NGA"
          },
          {
            "d": "OCLCG"
          },
          {
            "d": "OCLCQ"
          },
          {
            "d": "ZWZ"
          },
          {
            "d": "OCLCQ"
          },
          {
            "d": "OCLCF"
          },
          {
            "d": "OCLCQ"
          },
          {
            "d": "BP1"
          },
          {
            "d": "OCLCO"
          }
        ]
      }
    },
    {
      "019": {
        "ind1": "\\",
        "ind2": "\\",
        "subfields": [
          {
            "a": "1008286936"
          },
          {
            "a": "1195761414"
          }
        ]
      }
    },
    {
      "035": {
        "ind1": "\\",
        "ind2": "\\",
        "subfields": [
          {
            "a": "(OCoLC)9312035"
          },
          {
            "z": "(OCoLC)1008286936"
          },
          {
            "z": "(OCoLC)1195761414"
          }
        ]
      }
    },
    {
      "041": {
        "ind1": "0",
        "ind2": "\\",
        "subfields": [
          {
            "a": "eng"
          },
          {
            "a": "fre"
          }
        ]
      }
    },
    {
      "050": {
        "ind1": "\\",
        "ind2": "4",
        "subfields": [
          {
            "a": "NB237.C36"
          },
          {
            "b": "A4 1961"
          }
        ]
      }
    },
    {
      "082": {
        "ind1": "0",
        "ind2": "4",
        "subfields": [
          {
            "a": "730.973"
          },
          {
            "b": "CAL"
          }
        ]
      }
    },
    {
      "100": {
        "ind1": "1",
        "ind2": "\\",
        "subfields": [
          {
            "a": "Callery, Mary,"
          },
          {
            "d": "1903-1977."
          }
        ]
      }
    },
    {
      "245": {
        "ind1": "1",
        "ind2": "0",
        "subfields": [
          {
            "a": "Mary Callery, sculpture /"
          },
          {
            "c": "[introduction translated from the English by G.P. La Vieille]."
          }
        ]
      }
    },
    {
      "260": {
        "ind1": "\\",
        "ind2": "\\",
        "subfields": [
          {
            "a": "New York :"
          },
          {
            "b": "Distributed by Wittenborn and Co.,"
          },
          {
            "c": "[1961]"
          }
        ]
      }
    },
    {
      "300": {
        "ind1": "\\",
        "ind2": "\\",
        "subfields": [
          {
            "a": "xi, 151 pages :"
          },
          {
            "b": "illustrations ;"
          },
          {
            "c": "27 cm"
          }
        ]
      }
    },
    {
      "336": {
        "ind1": "\\",
        "ind2": "\\",
        "subfields": [
          {
            "a": "text"
          },
          {
            "b": "txt"
          },
          {
            "2": "rdacontent"
          }
        ]
      }
    },
    {
      "337": {
        "ind1": "\\",
        "ind2": "\\",
        "subfields": [
          {
            "a": "unmediated"
          },
          {
            "b": "n"
          },
          {
            "2": "rdamedia"
          }
        ]
      }
    },
    {
      "338": {
        "ind1": "\\",
        "ind2": "\\",
        "subfields": [
          {
            "a": "volume"
          },
          {
            "b": "nc"
          },
          {
            "2": "rdacarrier"
          }
        ]
      }
    },
    {
      "500": {
        "ind1": "\\",
        "ind2": "\\",
        "subfields": [
          {
            "a": "Catalog of artist's works."
          }
        ]
      }
    },
    {
      "500": {
        "ind1": "\\",
        "ind2": "\\",
        "subfields": [
          {
            "a": "Text in English and French; catalog and bibliography in English."
          }
        ]
      }
    },
    {
      "500": {
        "ind1": "\\",
        "ind2": "\\",
        "subfields": [
          {
            "a": "Introd. by Philip R. Adams; essay by Christian Zervos."
          }
        ]
      }
    },
    {
      "504": {
        "ind1": "\\",
        "ind2": "\\",
        "subfields": [
          {
            "a": "Includes bibliographical references (pages 149-151)."
          }
        ]
      }
    },
    {
      "546": {
        "ind1": "\\",
        "ind2": "\\",
        "subfields": [
          {
            "a": "English and French."
          }
        ]
      }
    },
    {
      "600": {
        "ind1": "1",
        "ind2": "0",
        "subfields": [
          {
            "a": "Callery, Mary,"
          },
          {
            "d": "1903-1977."
          }
        ]
      }
    },
    {
      "600": {
        "ind1": "1",
        "ind2": "7",
        "subfields": [
          {
            "a": "Callery, Mary,"
          },
          {
            "d": "1903-1977"
          },
          {
            "2": "fast"
          },
          {
            "0": "(OCoLC)fst00342002"
          }
        ]
      }
    },
    {
      "776": {
        "ind1": "0",
        "ind2": "8",
        "subfields": [
          {
            "i": "Online version:"
          },
          {
            "a": "Callery, Mary, 1903-1977."
          },
          {
            "t": "Mary Callery, sculpture."
          },
          {
            "d": "New York : Distributed by Wittenborn and Co., [1961]"
          },
          {
            "w": "(OCoLC)1087490326"
          }
        ]
      }
    },
    {
      "994": {
        "ind1": "\\",
        "ind2": "\\",
        "subfields": [
          {
            "a": "Z0"
          },
          {
            "b": "NYRVC"
          }
        ]
      }
    },
    {
      "948": {
        "ind1": "\\",
        "ind2": "\\",
        "subfields": [
          {
            "h": "NO HOLDINGS IN NYRVC - 42 OTHER HOLDINGS"
          }
        ]
      }
    },
    {
      "999": {
        "ind1": "\\",
        "ind2": "\\",
        "subfields": [
          {
            "a": "00000000010658"
          }
        ]
      }
    }
  ]
}